
% Bibliography entries will be ordered automatically by Latex

@InCollection{linguistic_relativity,
    author       =  {Swoyer, Chris and Baghramian, Maria and Carter, Adam},
    title        =  {Relativism},
    booktitle    =  {The Stanford Encyclopedia of Philosophy},
    editor       =  {Edward N. Zalta},
    howpublished =  {\url{http://plato.stanford.edu/archives/win2014/entries/relativism/}},
    year         =  {2014},
    edition      =  {Winter 2014},
}

@book{code_complete,
    author    = {McConnell, Steve},
    title     = {Code Complete, Second Edition},
    year      = {2004},
    isbn      = {0735619670, 9780735619678},
    publisher = {Microsoft Press},
    address   = {Redmond, WA, USA},
}

@misc{github,
    title        = {CPP Collections Git Repository},
    howpublished = {https://github.com/natebrennand/cpp\_collections},
}


@misc{norvig,
    title        = {Teach Yourself Programming in Ten Years},
    howpublished = {http://www.norvig.com/21-days.html},
}

